@book{knuth84,
  author = "Donald E. Knuth",
  title  =  "The \TeX{}book",
  publisher = {Addison-Wesley},
  year   = 1984                                           }

@book{lamport86,
  author = "Leslie Lamport",
  title  =  "{\LaTeX{}}: A Document Preparation System",
  publisher = {Addison-Wesley},
  year   = 1986                                           }

@article{pauling89,
  author = "L. Pauling",
  title  = {Icosahedral quasicrystals of intermetallic compounds are icosahedral twins of cubic crystals of three kinds, consisting of large (about 5000 atoms) icosahedral complexes in either a cubic body-centered or a cubic face-centered arrangement or smaller (about 1350 atoms) icosahedral complexes in the $\beta$-tungsten arrangement},
  journal = "Proc. Natl Acad. Sci USA",
  volume = 86,
  pages  = "8595--8599",
  year   = 1989                                           }

@article{pargel84,
  author = "E. Parth\'e and L.M. Gelato",
  title  =  "The standardization of inorganic crystal-structure data",
  journal = "Acta Cryst.",
  volume = "A40",
  pages  = "169--183",
  doi    = "10.1107/S0108767384000416",
  year   = 1984                                           }

@techreport{rauch76,
  author = "Rauch, H. \& Petrascheck, D.",
  title = "Grundlagen f{\"u}r ein
           Laue-Neutroneninterferometer Teil 1:
           Dynamische Beugung",
  institution = "Atominstitut der {\"O}sterreichischen
           Universit{\"a}ten, Austria",
  type = "Report",
  number = "AIAU 74405b",
  year = 1976                                             }


@article{brain,
author={{this came from John's brain}}

}


@article{maxivbrilliance,
  author={{CERN Courier}},
  title={{MAX IV} paves the way for ultimate X-ray microscope},
  note={http://cerncourier.com/cws/article/cern/65818},
  year={2016}
  }

@article{maxivwebsite,
  author={{MAX IV}},
  title = {{MAX IV} - We make the invisible visible},
  year={2018},
  note={https://www.maxiv.lu.se/}
  }

@article{nanomax,
  author = {{Ulf Johansson, Ulrich Vogt, Anders Mikkelsen}},
  title = {{NanoMAX}: a hard x-ray nanoprobe beamline at {MAX IV}},
  journal = {Proc. SPIE},
  volume = {8851},
  pages = {8851 - 8851 - 10},
  year = {2013},
  doi = {10.1117/12.2026609},
  URL = {https://doi.org/10.1117/12.2026609},
  }

@article{biomax,
  author={{BioMAX}},
  note={https://www.maxiv.lu.se/accelerators-beamlines/beamlines/biomax/},
  year = {2018}
  }

@article{formax,
  author={{ForMAX}},
  note = {https://www.maxiv.lu.se/accelerators-beamlines/beamlines/formax/},
  year = {2018}
  }

@article{mash,
  author={{Peter Sondhauss}},
  title={{MASH}, a Framework for the Automation of X-ray Optical Simulations},
  year={2014},
  journal={Proc. SPIE},
  volume = {9209},
  pages = {92090C-1},
  }

@article{Zhang,
  author={{Lin Zhang}},
  title={Thermal deformation of cryogenically cooled silicon crystals under intense X-ray beams: measurement and finite-element predictions of the surface shape},
  year={2013},
  journal={J. of Synchrotron Radiat.},
  volume={20},
  pages={567-580},
  }
  
  @article{mocellaUSG,
  author={{V. Mocella}},
  title={Performance of synchrotron X-ray monochromators under heat load. Part 2. Application of the Takagi-Taupin diffraction theory},
  year={2001},
  journal={Nuclear Instruments and Methods in Physics Research},
  volume={A 467-468},
  pages={414-417},
  }

@article{Chukhovskii,
  author={{F.N. Chukhovskii}},
  title={The Dynamical Theory of X-ray Bragg Diffraction from a Crystal with a Uniform Strain Gradient. The {G}reen-{R}iemann Functions},
  year={1978},
  journal={Acta Cryst.},
  volume={A34},
  pages={610-621},
  }

@article{Taupin,
  author = "D. Taupin",
  title = "Théorie dynamique de la diffracion des rayons X par les cristaux déformés",
  year = "1964",
  journal = "Bull. Soc. franc Minér. Crist.",
  volume = "87",
  pages = "469-511",
  }

@article{shadow3,
  author={{Manuel Sanchez del Rio}},
  title={SHADOW3: a new version of the synchrotron X-ray optics modelling package},
  year={2011},
  journal={J. of Synchrotron Radiat.},
  volume = {18},
  pages = {708-716}
  }

@article{dynamicaltheory,
  author={{Manuel Sanchez del Rio}},
  title={Ray tracing simulations for crystal optics},
  year={1998},
  journal={SPIE},
  volume = {3448},
  pages = {230-245}
  }
  
 @article{asymmetricdiffraction,
  author={{C. Welnak et al}},
  title={Recent developments in SHADOW},
  year={1992},
  journal={Rev. Sci. Instrum.},
  volume = {63},
  pages = {865-868}
  }

@article{innacuratepredictions,
  author={{A. K. Freund et al}},
  title={Performance of synchrotron x-ray monochromators under heat load: How reliable are the predictions?},
  year={2000},
  journal={AIP Conference Proceedings},
  volume = {521},
  pages = {247}
  }


@book{comsol,
  year = {2018},
  author = {{COMSOL®}},
  title = {{version 5.3a}},
  note = {https://www.comsol.com},
  address = {Stockholm, Sweden}
  }

@book{matlab,
  year = {2014},
  author = {MATLAB},
  title = {{version 8.3.0.532 (R2014a)}},
  publisher = {The MathWorks Inc.},
  note = {https://www.mathworks.com},
  address = {Natick, Massachusetts, United States}
  }

@book{python,
  year = {2018},
  author = {Python},
  title = {version 3.6.5},
  publisher = {Python Software Foundation},
  address = {Delaware, United States},
  note = {https://www.python.org}
  }

@article{coins,
  author={{Peter Sondhauss}},
  title={Metal-like heat conduction in laser-excited {InSb} probed by picosecond time-resolved x-ray diffraction},
  year={2008},
  journal={Physical Review B},
  volume={78}
  }

@online{bending_image,
	author={{National Synchrotron Radiation Research Center}},
    note = {http://www.nsrrc.org.tw}
    }
    
@misc{spring8,
	author={{SPring-8}},
    year = {2018},
    note = {http://www.spring8.or.jp/en}
    }   
   
@online{bending_spectrum,
	author={{Lawrence Berkeley Laboratory}},
	title ={Bend Magnet Spectrum},
    year = {2018},
    note = "http://henke.lbl.gov/"
    }
    
@book{willmott,
	author= {{Philip Willmott}},
	title = {An Introduction to Synchrotron Radiation Techniques and Applications},
    year = {2011},
    publisher = {Wiley}
	}
    
@book{clarke,
	author={{James A. Clarke}},
	title ={The Science and Technology of Undulators and Wigglers},
    year = {2004},
    publisher = {Oxford Science Publications}
	}